@InProceedings{prudhomme06:_life,
  author = 	 {Christophe Prud'homme},
  title = 	 {Life: Overview of a Unified C++ Implementation of
                  the Finite and Spectral Element Methods in 1D, 2D
                  and 3D},
  booktitle = {Workshop On State-Of-The-Art In Scientific And Parallel Computing},
  pages = 	 10,
  year = 	 2006,
  series = 	 {Lecture Notes in Computer Science},
  publisher = {Springer-Verlag},
  note = 	 {Accepted}
}

@Article{prud'homme05:_domain_specif_embed_languag_c,
  author = 	 {Christophe Prud'homme},
  title = 	 {A domain specific embedded language in C++ for
                  automatic differentiation, projection, integration
                  and variational formulations},
  journal = 	 {Scientific Programming},
  year = 	 2006,
  volume = 	 14,
  number = 	 2,
  pages = 	 {81-110},
  note = 	 {\url{http://iospress.metapress.com/link.asp?id=8xwd8r59hg1hmlcl}}}


%%
%% heatns
%%
@InBook{guermond:06,
author="J.-L. GUERMOND",
title="{Fluid Mechanics: Numerical Methods.}",
edition="{Ecyclopedia of Mathematical Physics,  eds. J.-P. Fran\c{c}oise, G.L. Naber, and Tsou S.T. , (ISBN 978-0-1251-2666-3), volume 2}",
publisher = 	 {Oxford: Elsevier},
pages = 	 {365--374},
year=2006,
},

@Book{incropera07:_fundam_of_heat_and_mass_trans,
author={Incropera and DeWitt and Bergman and Lavine},
title={Fundamentals of heat and mass transfer},
publisher = 	 {Wiley},
year=2007,
  edition = 	 6,
},
@Misc{wikip,
  title = 	 {Wikipedia},
  howpublished = {\url{http://fr.wikipedia.org}}}

